
%
%  $Description: Sample bibliography$ 
% 
%  $Author: ienne $ 
%  $Date: 1995/09/15 15:19:53 $
%  $Revision: 1.3 $
%

@MISC{DojoWiki,
	key = {Coding Dojo Wiki},
  title = {Coding Dojo Wiki},
  year = {2007},
  howpublished = {\url{www.codingdojo.org}}
}

@MISC{DaveThomas,
  author = {Dave Thomas},
  title = {Code Kata: How to Become a Better Developer},
  year = {2003},
  howpublished = {\url{codekata.pragprog.com}}
}

@MISC{Bossavit,
  author = {Laurent Bossavit},
  title = {Object Dojo},
  year = {2003},
  howpublished = {\url{www.bossavit.com/pivot/pivot/entry.php?id=207}}
}

@BOOK{XP2E,
  author = {Kent Beck and Cynthia Andres},
  title = {Extreme Programming Explained : Embrace Change},
  publisher = {Addison-Wesley Professional},
  year = {2004},
  edition = {2nd},
}